@misc {Sono,
    author = {hyguia saúde},
    title = {Porque sonhamos? Entenda os mistérios do sonho!},
    url = {https://www.hygiasaude.com.br/discussoes/qualidade-do-sono/porque-sonhamos-entenda-os-misterios-do-sonho},
    note = "[Acedido a 9 de dezembro 2022]"
}

@misc {web1,
    author = {Sibele Oliveira},
    title = {Dá para comandar seus sonhos: entenda o sonho},
    year = {2019},
    note = "[Acedido a 9 de dezembro 2022]",
    url ={https://www.uol.com.br/vivabem/noticias/redacao/2019/11/13/da-para-comandar-seus-sonhos-entenda-o-sonho-lucido-e-como-ter-um.htm?cmpid=copiaecola}
}

@misc {web2,
    author = {P.H Mota},
    title = {Sonhos lúcidos, o que são? Efeitos, riscos e como tê-los},
    year = {2018},
    note = "[Acedido a 9 de dezembro 2022]",
    url = {https://segredosdomundo.r7.com/sonhos-lucidos}
}

@misc {web3,
    author = {Anónimo},
    title = {Sonho e Sonhos: bases neurobiológicas, atividade cerebral e teorias interpretativas de seu conteúdo},
    year = {2014},
    note = "[Acedido a 9 de dezembro 2022]",
    url = {http://cienciasecognicao.org/neuroemdebate/arquivos/1924}
}

@misc {web4,
    author = {anonimo},
    title = {6 teorias que explicam porque sonhamos},
    year = {2018},
    note = "[Acedido a 9 de dezembro 2022]",
    url = {https://www.tuasaude.com/porque-sonhamos}
}

@misc {web5,
    author = {anonimo},
    title = {Por que sonhamos},
    year = {2015},
    note = "[Acedido a 9 de dezembro 2022]",
    url = {https://sonoemedicina.com.br/sono/por-que-sonhamos}
}
